<record><leader>00000cas a2200000Ia 4500</leader><controlfield tag="001">22498008</controlfield><controlfield tag="008">901011d194119uukyuwr ne      0    0eng d</controlfield><controlfield tag="009">5569</controlfield><datafield ind1=" " ind2=" " tag="010"><subfield code="a">sn 90099410 </subfield></datafield><datafield ind1=" " ind2=" " tag="040"><subfield code="a">KNP</subfield><subfield code="b">eng</subfield><subfield code="c">KNP</subfield><subfield code="d">OCL</subfield><subfield code="d">OCLCQ</subfield><subfield code="d">KYUBL</subfield></datafield><datafield ind1="0" ind2="4" tag="245"><subfield code="a">The Stanton sun.</subfield></datafield><datafield ind1=" " ind2=" " tag="260"><subfield code="a">Stanton, Powell Co. :</subfield><subfield code="b">Herbert Hoover Stewart,</subfield><subfield code="c">1941-</subfield></datafield><datafield ind1=" " ind2=" " tag="300"><subfield code="a">v. :</subfield><subfield code="b">ill.</subfield></datafield><datafield ind1=" " ind2=" " tag="310"><subfield code="a">Weekly</subfield></datafield><datafield ind1="1" ind2=" " tag="362"><subfield code="a">Began in 1941?</subfield></datafield><datafield ind1=" " ind2=" " tag="588"><subfield code="a">Description based on: V. 2, no. 3 (June 27, 1942).</subfield></datafield><datafield ind1=" " ind2="0" tag="651"><subfield code="a">Stanton (Ky.)</subfield><subfield code="v">Newspapers.</subfield></datafield><datafield ind1=" " ind2="0" tag="651"><subfield code="a">Powell County (Ky.)</subfield><subfield code="v">Newspapers.</subfield></datafield><datafield ind1=" " ind2=" " tag="752"><subfield code="a">United States</subfield><subfield code="b">Kentucky</subfield><subfield code="c">Powell</subfield><subfield code="d">Stanton.</subfield></datafield></record>